
@misc{neely,
author = {Michael J. Neely},
title = {On Probability Axioms and Sigma Algebras},
year = {2012},
url = {http://ee.usc.edu/stochastic-nets/docs/probability-axioms-sigma-algebras.pdf}
}

@book{ross,
  title={A first course in probability},
  author={Ross, Sheldon},
  year={2014},
  publisher={Pearson}
}